@book{Pinter2016,
  author    = {Pinter, Charles C.},
  title     = {A Book of Abstract Algebra},
  edition   = {Second},
  publisher = {Dover},
  address   = {Mineola, NY},
  year      = {2016}
}
